@misc{NTKLaser,
  author       = {{NKT Photonics}},
  title        = {{PILAS: picosecond pulsed diode lasers}},
  howpublished = {\url{https://www.nktphotonics.com/products/pulsed-diode-lasers/pilas/}},
  note         = {Online},
  year         = 2022
}
@misc{CAENV1751,
  author       = {{CAEN SpA}},
  title        = {{V1751}},
  howpublished = {\url{https://www.caen.it/products/v1751/}},
  note         = {Online},
  year         = 2022
}
@misc{WIENERHV,
  author       = {W-IE-NE-R},
  title        = {{MPOD High Voltage module}},
  howpublished = {\url{https://www.wiener-d.com/product/mpod-hv-module/}},
  note         = {Online},
  year         = 2022
}
@misc{BJBS,
  author       = {{BEIJING HAMAMATSU}},
  title        = {{{CR}365-01}},
  howpublished = {\url{http://www.bhphoton.com/site/zh/product/guangdianqijian/duanchuangxingguangdianbeizengguan/1502326956990599170.html}},
  note         = {Online},
  year         = 2022
}
@misc{JPBS,
  author       = {HAMAMATSU},
  title        = {{R5912}},
  howpublished = {\url{http://www.hamamatsu.com.cn/product/23160.html}},
  note         = {Online},
  year         = 2022
}
@misc{SNMP,
  author       = {{Net-SNMP Team}},
  title        = {Net-{SNMP}},
  howpublished = {\url{https://net-snmp.sourceforge.io/}},
  note         = {Online},
  year         = 2022
}
@misc{VISA,
  author       = {{PyVISA Authors}},
  title        = {{PyVISA}: Control your instruments with {Python}},
  howpublished = {\url{https://pyvisa.readthedocs.io/en/latest/}},
  note         = {Online},
  year         = 2022
}
@article{CR365PDE,
    author = "Jiang, Kun and others",
    title = "{Qualification tests of 997 8-inch photomultiplier tubes for the water Cherenkov detector array of the LHAASO experiment}",
    eprint = "2009.12742",
    archivePrefix = "arXiv",
    primaryClass = "physics.ins-det",
    doi = "10.1016/j.nima.2021.165108",
    journal = "Nucl. Instrum. Meth. A",
    volume = "995",
    pages = "165108",
    year = "2021"
}
@misc{Attenuator,
  author       = {{Shanzhe}},
  title        = {{Shanze attenuator}},
  howpublished = {\url{https://item.jd.com/100006797509.html}},
  note         = {Online},
  year         = 2022
}
@misc{Splitter,
  author       = {{Shanzhe}},
  title        = {{Shanze splitter}},
  howpublished = {\url{https://item.jd.com/100016053748.html}},
  note         = {Online},
  year         = 2022
}
@misc{CST,
  author       = {{}},
  title        = {{}},
  howpublished = {\url{https://www.3ds.com/zh/products-services/simulia/products/cst-studio-suite/}},
  note         = {Online},
  year         = 2022
}
@article{Luo:2022xrd,
    author = "Luo, Wentai and Liu, Qian and Zheng, Yangheng and Wang, Zhe and Chen, Shaomin",
    title = "{Reconstruction Algorithm for a Novel Cherenkov Scintillation Detector}",
    eprint = "2209.13772",
    archivePrefix = "arXiv",
    primaryClass = "physics.ins-det",
    month = "9",
    year = "2022"
}